@article{campbell2002deep,
  title={Deep blue},
  author={Campbell, Murray and Hoane, A Joseph and Hsu, Feng-hsiung},
  journal={Artificial intelligence},
  volume={134},
  number={1},
  pages={57--83},
  year={2002},
  publisher={Elsevier}
}
