@book{prob_robot_thrun,
  author = {Thrun, Sebastian and Burgard, Wolfram and Fox, Dieter},
  title = {Probabilistic Robotics (Intelligent Robotics and Autonomous Agents)},
  year = {2005},
  isbn = {0262201623},
  publisher = {The MIT Press},
}
@article{zhang1994iterative,
  title={Iterative point matching for registration of free-form curves and surfaces},
  author={Zhang, Zhengyou},
  journal={International journal of computer vision},
  volume={13},
  number={2},
  pages={119--152},
  year={1994},
  publisher={Springer}
}
@inproceedings{burgard2009comparison,
  title={A comparison of SLAM algorithms based on a graph of relations},
  author={Burgard, Wolfram and Stachniss, Cyrill and Grisetti, Giorgio and Steder, Bastian and Kummerle, Rainer and Dornhege, Christian and Ruhnke, Michael and Kleiner, Alexander and Tard{\'o}s, Juan D},
  booktitle={Intelligent Robots and Systems, 2009. IROS 2009. IEEE/RSJ International Conference on},
  pages={2089--2095},
  year={2009},
  organization={IEEE}
}

@incollection{handbook_robotics,
  year={2008},
  isbn={978-3-540-23957-4},
  booktitle={Springer Handbook of Robotics},
  editor={Siciliano, Bruno and Khatib, Oussama},
  doi={10.1007/978-3-540-30301-5_38},
  title={Simultaneous Localization and Mapping},
  url={http://dx.doi.org/10.1007/978-3-540-30301-5_38},
  publisher={Springer Berlin Heidelberg},
  author={Thrun, Sebastian and Leonard, JohnJ.},
  pages={871-889},
  language={English}
}

@ARTICLE{Arulampalam02atutorial,
  author = {M. Sanjeev Arulampalam and Simon Maskell and Neil Gordon},
  title = {A tutorial on particle filters for online nonlinear/non-Gaussian Bayesian tracking},
  journal = {IEEE TRANSACTIONS ON SIGNAL PROCESSING},
  year = {2002},
  volume = {50},
  pages = {174--188}
}


@article{cheese_randall,
  author = {Smith, Randall C. and Cheeseman, Peter},
  title = {On the Representation and Estimation of Spatial Uncertainly},
  journal = {Int. J. Rob. Res.},
  issue_date = {Winter, 1987},
  volume = {5},
  number = {4},
  month = dec,
  year = {1986},
  issn = {0278-3649},
  pages = {56--68},
  numpages = {13},
  url = {http://dx.doi.org/10.1177/027836498600500404},
  doi = {10.1177/027836498600500404},
  acmid = {33842},
  publisher = {Sage Publications, Inc.},
  address = {Thousand Oaks, CA, USA},
}

@article{newman_ekf_convergence,
  title={On the structure and solution of the simultaneous
    localisation and map building problem},
  author={Newman, Paul},
  journal={Doctoral diss., University of Sydney},
  year={1999}
}

@article{dissanayake2001solution,
  title={A solution to the simultaneous localization and map building (SLAM) problem},
  author={Dissanayake, MWM Gamini and Newman, Paul and Clark, Steve and Durrant-Whyte, Hugh F and Csorba, Michael},
  journal={Robotics and Automation, IEEE Transactions on},
  volume={17},
  number={3},
  pages={229--241},
  year={2001},
  publisher={IEEE}
}

@article{bar1975tracking,
  title={Tracking in a cluttered environment with probabilistic data association},
  author={Bar-Shalom, Yaakov and Tse, Edison},
  journal={Automatica},
  volume={11},
  number={5},
  pages={451--460},
  year={1975},
  publisher={Elsevier}
}


@article{thrun1998probabilistic,
  title={A probabilistic approach to concurrent mapping and localization for mobile robots},
  author={Thrun, Sebastian and Burgard, Wolfram and Fox, Dieter},
  journal={Autonomous Robots},
  volume={5},
  number={3-4},
  pages={253--271},
  year={1998},
  publisher={Springer}
}

@article{tardos2002robust,
  title={Robust mapping and localization in indoor environments using sonar data},
  author={Tard{\'o}s, Juan D and Neira, Jos{\'e} and Newman, Paul M and Leonard, John J},
  journal={The International Journal of Robotics Research},
  volume={21},
  number={4},
  pages={311--330},
  year={2002},
  publisher={SAGE Publications}
}

@inproceedings{montemerlo2002fastslam,
  title={FastSLAM: A factored solution to the simultaneous localization and mapping problem},
  author={Montemerlo, Michael and Thrun, Sebastian and Koller, Daphne and Wegbreit, Ben and others},
  booktitle={AAAI/IAAI},
  pages={593--598},
  year={2002}
}

@inproceedings{stentz2003fastslam,
  title={Fastslam: A factored solution to the simultaneous localization and mapping problem with unknown data association},
  author={Stentz, Anthony and Fox, Dieter and Montemerlo, Michael},
  booktitle={In Proceedings of the AAAI National Conference on Artificial Intelligence},
  year={2003},
  organization={Citeseer}
}

@INPROCEEDINGS{Montemerlo03fastslam2,
  author = {Michael Montemerlo and Sebastian Thrun and Daphne Koller and Ben Wegbreit},
  title = {FastSLAM 2.0: An Improved Particle Filtering Algorithm for Simultaneous Localization and Mapping that Provably Converges},
  booktitle = {In Proc. of the Int. Conf. on Artificial Intelligence (IJCAI)},
  year = {2003},
  pages = {1151--1156}
}

@inproceedings{li2010range,
  title={Range scan matching and Particle Filter based mobile robot SLAM},
  author={Li, Xiuzhi and Cui, Wei and Jia, Songmin},
  booktitle={Robotics and Biomimetics (ROBIO), 2010 IEEE International Conference on},
  pages={779--784},
  year={2010},
  organization={IEEE}
}


@phdthesis{csorba1998simultaneous,
  title={Simultaneous localisation and map building},
  author={Csorba, Michael},
  year={1998},
  school={University of Oxford}
}

@inproceedings{huang_ekf_convergence,
  title={Convergence analysis for extended Kalman filter based SLAM},
  author={Huang, Shoudong and Dissanayake, Gamini},
  booktitle={Robotics and Automation, 2006. ICRA 2006. Proceedings 2006 IEEE International Conference on},
  pages={412--417},
  year={2006},
  organization={IEEE}
}

@article{guivant2001optimization,
  title={Optimization of the simultaneous localization and map-building algorithm for real-time implementation},
  author={Guivant, Jose E and Nebot, Eduardo Mario},
  journal={Robotics and Automation, IEEE Transactions on},
  volume={17},
  number={3},
  pages={242--257},
  year={2001},
  publisher={IEEE}
}

@MISC{Leonard00acomputationally,
  author = {John J. Leonard and Hans Jacob S. Feder},
  title = {A computationally efficient method for large-scale concurrent mapping and localization},
  year = {2000}
}

@book{kortenkamp98success,
 editor = {Kortenkamp, David and Bonasso, R. Peter and Murphy, Robin},
 title = {Artificial Intelligence and Mobile Robots: Case Studies of Successful Robot Systems},
 year = {1998},
 isbn = {0-262-61137-6},
 publisher = {MIT Press},
 address = {Cambridge, MA, USA},
}

@inproceedings{thorpe2001field,
  title={Field robots},
  author={Thorpe, Chuck and Durrant-Whyte, Hugh},
  booktitle={Proceedings of the 10th International Symposium of Robotics Research (ISRRâ€™01)},
  year={2001}
}

@book{stachniss2009robotic,
  title={Robotic mapping and exploration},
  author={Stachniss, Cyrill},
  volume={55},
  year={2009},
  publisher={Springer}
}

@inproceedings{bosse2003atlas,
  title={An Atlas framework for scalable mapping},
  author={Bosse, Michael and Newman, Paul and Leonard, John and Soika, Martin and Feiten, Wendelin and Teller, Seth},
  booktitle={Robotics and Automation, 2003. Proceedings. ICRA'03. IEEE International Conference on},
  volume={2},
  pages={1899--1906},
  year={2003},
  organization={IEEE}
}

@inproceedings{modayil2004using,
  title={Using the topological skeleton for scalable global metrical map-building},
  author={Modayil, Joseph and Beeson, Patrick and Kuipers, Benjamin},
  booktitle={Intelligent Robots and Systems, 2004.(IROS 2004). Proceedings. 2004 IEEE/RSJ International Conference on},
  volume={2},
  pages={1530--1536},
  year={2004},
  organization={IEEE}
}

@inproceedings{lisien2003hierarchical,
  title={Hierarchical simultaneous localization and mapping},
  author={Lisien, Brad and Morales, Deryck and Silver, David and Kantor, George and Rekleitis, Ioannis and Choset, Howie},
  booktitle={Intelligent Robots and Systems, 2003.(IROS 2003). Proceedings. 2003 IEEE/RSJ International Conference on},
  volume={1},
  pages={448--453},
  year={2003},
  organization={IEEE}
}

@article{kalman1960new,
  title={A new approach to linear filtering and prediction problems},
  author={Kalman, Rudolph Emil},
  journal={Journal of Fluids Engineering},
  volume={82},
  number={1},
  pages={35--45},
  year={1960},
  publisher={American Society of Mechanical Engineers}
}

@article{srinivas1994genetic,
  title={Genetic algorithms: A survey},
  author={Srinivas, Mandavilli and Patnaik, Lalit M},
  journal={Computer},
  volume={27},
  number={6},
  pages={17--26},
  year={1994},
  publisher={IEEE}
}

@misc{Hough_1962,
  title={METHOD AND MEANS FOR RECOGNIZING COMPLEX PATTERNS},
  author={Hough, P.V.C.},
  year={1962},
  month={Dec}
}

@article{ballard1981generalizing,
  title={Generalizing the Hough transform to detect arbitrary shapes},
  author={Ballard, Dana H},
  journal={Pattern recognition},
  volume={13},
  number={2},
  pages={111--122},
  year={1981},
  publisher={Elsevier}
}

@article{Duda1972hough,
 author = {Duda, Richard O. and Hart, Peter E.},
 title = {Use of the Hough Transformation to Detect Lines and Curves in Pictures},
 journal = {Commun. ACM},
 issue_date = {Jan. 1972},
 volume = {15},
 number = {1},
 month = jan,
 year = {1972},
 issn = {0001-0782},
 pages = {11--15},
 numpages = {5},
 url = {http://doi.acm.org/10.1145/361237.361242},
 doi = {10.1145/361237.361242},
 acmid = {361242},
 publisher = {ACM},
 address = {New York, NY, USA},
 keywords = {Hough transformation, colinear points, curve detection, line detection, pattern recognition, picture processing, point-line transformation},
}

@misc{Radish,
  author = "Andrew Howard and Nicholas Roy", 
  year = "2003",
  title = "The Robotics Data Set Repository (Radish)",
  url = "http://radish.sourceforge.net/",
}
