@article{abuzaidoptimizing,
  title={Optimizing CPU Performance for Convolutional Neural Networks},
  author={Abuzaid, Firas}
}

